%%%%%%%%%%%%%%%%%%%%%%%%%%%%%%%%%%%%%%%%%%%%%%%%%%%%%%
% My papers and conferences
% add keywords like
%   keywords= {own, wos, scopus},
%
% More on keywords:
%    own - your paper
%    wos - is in Web if Science
%    scopus - is in Scopus
%    vak - is in VAK
%    other - from other sources
%    conf - it is a conference
%%%%%%%%%%%%%%%%%%%%%%%%%%%%%%%%%%%%%%%%%%%%%%%%%%%%%%
@article{Kostina2019Mar,
        keywords = {own, wos},
	author = {Kostina, Natalia and Petrov, Mihail and Ivinskaya, Aliaksandra and Sukhov, Sergey and Bogdanov, Andrey and Toftul, Ivan and Nieto-Vesperinas, Manuel and Ginzburg, Pavel and Shalin, Alexander},
	title = {{Vaporâ€“Liquid Equilibrium in Binary and Ternary Azeotropic Solutions Acetonitrile-Ethanol-Water with the Addition of Amino Esters of Boric Acid}},
	journal = {Processes},
	volume = {99},
	number = {12},
	pages = {2125},
	year = {2022},
	month = {Oct},
	url = {https://doi.org/10.3390/pr10102125},
	doi = {10.3390/pr10102125},
        
}
